<record><leader>00000cas a22000007a 4500</leader><controlfield tag="001">26369084</controlfield><controlfield tag="008">920810d19141917mauwr ne      0    0eng d</controlfield><datafield ind1=" " ind2=" " tag="010"><subfield code="a">sn 92056751 </subfield></datafield><datafield ind1=" " ind2=" " tag="040"><subfield code="a">MGN</subfield><subfield code="b">eng</subfield><subfield code="c">MGN</subfield><subfield code="d">OCLCQ</subfield></datafield><datafield ind1=" " ind2=" " tag="042"><subfield code="a">msc</subfield></datafield><datafield ind1="0" ind2="0" tag="245"><subfield code="a">Salem Sunday Mercury.</subfield></datafield><datafield ind1="3" ind2="0" tag="246"><subfield code="a">Salem Mercury</subfield></datafield><datafield ind1=" " ind2=" " tag="260"><subfield code="a">Salem, Mass. :</subfield><subfield code="b">A. Harris Paton</subfield></datafield><datafield ind1=" " ind2=" " tag="300"><subfield code="a">v.</subfield></datafield><datafield ind1=" " ind2=" " tag="310"><subfield code="a">Weekly</subfield></datafield><datafield ind1="1" ind2=" " tag="362"><subfield code="a">Began in 1914? Ceased in 1917?</subfield></datafield><datafield ind1=" " ind2=" " tag="500"><subfield code="a">Historic title, Essex County Mercury, given in smaller type with founding date of Aug. 2, 1768, below title in mast, &lt;Nov. 8, 1914-</subfield></datafield><datafield ind1=" " ind2=" " tag="500"><subfield code="a">Published as: Salem Mercury, July 1, 1916-Jan. 13, 1917.</subfield></datafield><datafield ind1=" " ind2=" " tag="580"><subfield code="a">Semiweekly ed.: Salem Mercury (Salem, Mass. : 1914).</subfield></datafield><datafield ind1=" " ind2=" " tag="580"><subfield code="a">Absorbed: Tri-town weekly press.</subfield></datafield><datafield ind1=" " ind2=" " tag="588"><subfield code="a">Description based on: Vol. 149, no. 50 (Nov. 8, 1914) = new [ser.] v. 2, no. 1.</subfield></datafield><datafield ind1=" " ind2=" " tag="752"><subfield code="a">United States</subfield><subfield code="b">Massachusetts</subfield><subfield code="c">Essex</subfield><subfield code="d">Salem.</subfield></datafield><datafield ind1="1" ind2=" " tag="775"><subfield code="t">Salem Mercury (Salem, Mass. : 1914)</subfield><subfield code="w">(DLC)sn 94055631</subfield></datafield><datafield ind1="0" ind2="5" tag="780"><subfield code="t">Tri-town weekly press</subfield><subfield code="w">(DLC)sn 94055885</subfield></datafield></record>